@article{Geoffroy2019,
  title={Mesopelagic sound scattering layers of the high Arctic: seasonal variations in biomass, species assemblage, and trophic relationships},
  author={Geoffroy, Maxime and Daase, Malin and Cusa, Marine and Darnis, G{\'e}rald and Graeve, Martin and Santana Hern{\'a}ndez, N{\'e}stor and Berge, J{\o}rgen and Renaud, Paul E and Cottier, Finlo and Falk-Petersen, Stig},
  journal={Frontiers in Marine Science},
  volume={6},
  pages={1--18},
  year={2019},
  publisher={Frontiers Media SA}
}


@article{Basedow2019,
  title={Remote sensing of zooplankton swarms},
  author={Basedow, S{\"u}nnje L and McKee, David and Lefering, Ina and Gislason, Astthor and Daase, Malin and Trudnowska, Emilia and Egeland, Einar Skarstad and Choquet, Marvin and Falk-Petersen, Stig},
  journal={Scientific reports},
  volume={9},
  number={1},
  pages={686},
  year={2019},
  publisher={Nature Publishing Group}
}

@article{Bassett2017,
  title={Broadband echosounder measurements of the frequency response of fishes and euphausiids in the Gulf of Alaska},
  author={Bassett, Christopher and De Robertis, Alex and Wilson, Christopher D},
  journal={ICES Journal of Marine Science},
  volume={75},
  number={3},
  pages={1131--1142},
  year={2017},
  publisher={Oxford University Press}
}

@article{LeBlanc2019,
  title={Pelagic production and the recruitment of juvenile polar cod Boreogadus saida in Canadian Arctic seas},
  author={LeBlanc, Mathieu and Geoffroy, Maxime and Bouchard, Caroline and Gauthier, St{\'e}phane and Majewski, Andrew and Reist, James D and Fortier, Louis},
  journal={Polar Biology},
  pages={1--12},
  year={2019},
  publisher={Springer}
}


@article{DeRobertis2019,
  title={Long-term measurements of fish backscatter from Saildrone unmanned surface vehicles and comparison with observations from a noise-reduced research vessel},
  author={De Robertis, Alex and Lawrence-Slavas, Noah and Jenkins, Richard and Wangen, Ivar and Mordy, Calvin W and Meinig, Christian and Levine, Mike and Peacock, Dave and Tabisola, Heather},
  journal={ICES Journal of Marine Science},
  year={2019}
}

@mastersthesis{Widmer2019,
  title={Machine Learning and Sonification Applied to Fish in Wideband Hydroacoustic Data},
  author={Widmer, Marcus},
  year={2019}
}

@mastersthesis{Dunn2019,
  title={Developments in Fish Detection using Broadband Acoustic Doppler Current Profiler- In Review},
  author={Dunn, Muriel},
  year={2019}
}

@book{Copland2017,
  title={Arctic ice shelves and ice islands},
  author={Copland, Luke and Mueller, Derek},
  year={2017},
  publisher={Springer}
}

@article{Trenkel2019,
  title={We can reduce the impact of scientific trawling on marine ecosystems},
  author={Trenkel, VM and Vaz, S and Albouy, C and Amour, A Brind and Duhamel, E and Laffargue, P and Romagnan, JB and Simon, J and Lorance, P},
  journal={Marine Ecology Progress Series},
  volume={609},
  pages={277--282},
  year={2019}
}

@article{Falk-Petersen2015,
  title={At the rainbow’s end: high productivity fueled by winter upwelling along an Arctic shelf},
  author={Falk-Petersen, Stig and Pavlov, Vladimir and Berge, J{\o}rgen and Cottier, Finlo and Kovacs, Kit M and Lydersen, Christian},
  journal={Polar Biology},
  volume={38},
  number={1},
  pages={5--11},
  year={2015},
  publisher={Springer}
}

@article{Falk-Petersen2000,
  title={Physical and ecological processes in the marginal ice zone of the northern Barents Sea during the summer melt period},
  author={Falk-Petersen, Stig and Hop, Haakon and Budgell, W Paul and Hegseth, Else N and Korsnes, Reinert and L{\o}yning, Terje B and {\O}rb{\ae}k, Jon B{\o}rre and Kawamura, Toshiyuki and Shirasawa, Kunio},
  journal={Journal of Marine Systems},
  volume={27},
  number={1-3},
  pages={131--159},
  year={2000},
  publisher={Elsevier}
}

@article{McClatchie2000,
  title={Ground truth and target identification for fisheries acoustics},
  author={McClatchie, Sam and Thorne, Richard E and Grimes, Paul and Hanchet, Stuart},
  journal={Fisheries Research},
  volume={47},
  number={2-3},
  pages={173--191},
  year={2000},
  publisher={Elsevier}
}

@article{Rose1992,
  title={A review of problems and new directions in the application of fisheries acoustics on the Canadian East Coast},
  author={Rose, GA},
  journal={Fisheries Research},
  volume={14},
  number={2-3},
  pages={105--128},
  year={1992},
  publisher={Elsevier}
}

@article{Ona2007,
  title={Silent research vessels are not quiet},
  author={Ona, Egil and God{\o}, Olav Rune and Handegard, Nils Olav and Hjellvik, Vidar and Patel, Ruben and Pedersen, Geir},
  journal={The Journal of the Acoustical Society of America},
  volume={121},
  number={4},
  pages={EL145--EL150},
  year={2007},
  publisher={ASA}
}

@article{Ludvigsen2018,
  title={Use of an Autonomous Surface Vehicle reveals small-scale diel vertical migrations of zooplankton and susceptibility to light pollution under low solar irradiance},
  author={Ludvigsen, Martin and Berge, J{\o}rgen and Geoffroy, Maxime and Cohen, Jonathan H and Pedro, R and Nornes, Stein M and Singh, Hanumant and S{\o}rensen, Asgeir J and Daase, Malin and Johnsen, Geir},
  journal={Science advances},
  volume={4},
  number={1},
  pages={eaap9887},
  year={2018},
  publisher={American Association for the Advancement of Science}
}


@article{Basedow2016,
  title={Trophic positions of mesozooplankton across the North Atlantic: estimates derived from biovolume spectrum theories and stable isotope analyses},
  author={Basedow, S{\"u}nnje L and De Silva, Nuwan AL and Bode, Antonio and Van Beusekorn, Justus},
  journal={Journal of Plankton Research},
  volume={38},
  number={6},
  pages={1364--1378},
  year={2016},
  publisher={Oxford University Press}
}

@article{Bouchard2017,
  title={Climate warming enhances polar cod recruitment, at least transiently},
  author={Bouchard, Caroline and Geoffroy, Maxime and LeBlanc, Mathieu and Majewski, Andrew and Gauthier, St{\'e}phane and Walkusz, Wojciech and Reist, James D and Fortier, Louis},
  journal={Progress in Oceanography},
  volume={156},
  pages={121--129},
  year={2017},
  publisher={Elsevier}
}

@article{DeRobertis2007,
  title={A post-processing technique to estimate the signal-to-noise ratio and remove echosounder background noise},
  author={De Robertis, Alex and Higginbottom, Ian},
  journal={ICES Journal of Marine Science},
  volume={64},
  number={6},
  pages={1282--1291},
  year={2007},
  publisher={Oxford University Press}
}

@article{Ringuette2002,
  title={Advanced recruitment and accelerated population development in Arctic calanoid copepods of the North Water},
  author={Ringuette, Marc and Fortier, Louis and Fortier, Martin and Runge, Jeffrey A and B{\'e}langer, Simon and Larouche, Pierre and Weslawski, Jan-Marcin and Kwasniewski, Slawek},
  journal={Deep Sea Research Part II: Topical Studies in Oceanography},
  volume={49},
  number={22-23},
  pages={5081--5099},
  year={2002},
  publisher={Elsevier}
}

@article{Ghani2014,
  title={The SailBuoy remotely-controlled unmanned vessel: Measurements of near surface temperature, salinity and oxygen concentration in the Northern Gulf of Mexico},
  author={Ghani, Mahmud Hasan and Hole, Lars R and Fer, Ilker and Kourafalou, Vassiliki H and Wienders, Nicolas and Kang, HeeSook and Drushka, Kyla and Peddie, David},
  journal={Methods in Oceanography},
  volume={10},
  pages={104--121},
  year={2014},
  publisher={Elsevier}
}

@report{SONARnetCDF,
  title={The SONAR-netCDF4 convention for sonar data, Version 1.0},
  author={Gavin Macaulay, Héctor Peña},
  journal={ICES Cooperative Research Report},
  volume={341},
  pages={22},
  year={2018},
  publisher={International Council for the Exploration of the Sea}
}

@book{Sakshaug2009,
  title={Ecosystem Barents Sea},
  author={Sakshaug, Egil and Johnsen, Geir Helge and Kovacs, Kit M},
  year={2009},
  publisher={Tapir Academic Press}
}

@article{Oziel2016,
  title={The Barents Sea frontal zones and water masses variability (1980--2011)},
  author={Oziel, Laurent and Sirven, J{\'e}r{\^o}me and Gascard, Jean-Claude},
  year={2016}
}

@article{Parsons1996,
  title={The Barents Sea polar front in summer},
  author={Parsons, A Rost and Bourke, Robert H and Muench, Robin D and Chiu, Ching-Sang and Lynch, James F and Miller, James H and Plueddemann, Albert J and Pawlowicz, Richard},
  journal={Journal of Geophysical Research: Oceans},
  volume={101},
  number={C6},
  pages={14201--14221},
  year={1996},
  publisher={Wiley Online Library}
}

@article{Aarthun2012,
  title={Quantifying the influence of Atlantic heat on Barents Sea ice variability and retreat},
  author={{\AA}rthun, Marius and Eldevik, Tor and Smedsrud, LH and Skagseth, {\O}ystien and Ingvaldsen, RB},
  journal={Journal of Climate},
  volume={25},
  number={13},
  pages={4736--4743},
  year={2012}
}

@article{Vaage2014,
  title={Physical structure of the Barents Sea Polar Front near Storbanken in August 2007},
  author={V{\aa}ge, S and Basedow, SL and Tande, KS and Zhou, M},
  journal={Journal of Marine Systems},
  volume={130},
  pages={256--262},
  year={2014},
  publisher={Elsevier}
}

@article{Ingvaldsen2002,
  title={Variability in the Atlantic inflow to the Barents Sea based on a one-year time series from moored current meters},
  author={Ingvaldsen, Randi and Loeng, Harald and Asplin, Lars},
  journal={Continental Shelf Research},
  volume={22},
  number={3},
  pages={505--519},
  year={2002},
  publisher={Elsevier}
}

@article{Serreze2007,
  title={The large-scale energy budget of the Arctic},
  author={Serreze, Mark C and Barrett, Andrew P and Slater, Andrew G and Steele, Michael and Zhang, Jinlun and Trenberth, Kevin E},
  journal={Journal of Geophysical Research: Atmospheres},
  volume={112},
  number={D11},
  year={2007},
  publisher={Wiley Online Library}
}

@incollection{Skagseth2008,
  title={Volume and heat transports to the Arctic Ocean via the Norwegian and Barents Seas},
  author={Skagseth, {\O}ystein and Furevik, Tore and Ingvaldsen, Randi and Loeng, Harald and Mork, Kjell Arne and Orvik, Kjell Arild and Ozhigin, Vladimir},
  booktitle={Arctic--Subarctic Ocean Fluxes},
  pages={45--64},
  year={2008},
  publisher={Springer}
}

@article{Rudels1994,
  title={On the intermediate depth waters of the Arctic Ocean},
  author={Rudels, Bert and Jones, EP and Anderson, LG and Kattner, Gerhard},
  journal={The polar oceans and their role in shaping the global environment},
  volume={85},
  pages={33--46},
  year={1994},
  publisher={Wiley Online Library}
}

@article{Reigstad2002,
  title={Variations in hydrography, nutrients and chlorophyll a in the marginal ice-zone and the central Barents Sea},
  author={Reigstad, Marit and Wassmann, Paul and Riser, Christian Wexels and {\O}ygarden, Sigrid and Rey, Francisco},
  journal={Journal of Marine Systems},
  volume={38},
  number={1-2},
  pages={9--29},
  year={2002},
  publisher={Elsevier}
}

@article{Korneliussen2018,
  title={Acoustic target classification.},
  author={Korneliussen, Rolf J},
  year={2018},
  publisher={International Council for the Exploration of the Sea (ICES)}
}

@article{Post2013,
  title={Ecological consequences of sea-ice decline},
  author={Post, Eric and Bhatt, Uma S and Bitz, Cecilia M and Brodie, Jedediah F and Fulton, Tara L and Hebblewhite, Mark and Kerby, Jeffrey and Kutz, Susan J and Stirling, Ian and Walker, Donald A},
  journal={Science},
  volume={341},
  number={6145},
  pages={519--524},
  year={2013},
  publisher={American Association for the Advancement of Science}
}
@article{Skjoldal1987,
  title={Spring phytoplankton development and zooplankton reproduction in the central Barents Sea in the period 1979-1984},
  author={Skjoldal, Hein Rune and Hassel, Arne and Rey, Francisco and Loeng, Harald},
  year={1987}
}

@article{Rey1987,
  title={Primary production in relation to climatic changes in the Barents Sea},
  author={Rey, Francisco and Skjoldal, Hein Rune and Slagstad, Dag},
  year={1987}
}

@article{Hansen1990,
  title={Post-bloom grazing byCalanus glacialis, C. finmarchicus andC. hyperboreus in the region of the Polar Front, Barents Sea},
  author={Hansen, B and Berggreen, UC and Tande, KS and Eilertsen, H Chr},
  journal={Marine Biology},
  volume={104},
  number={1},
  pages={5--14},
  year={1990},
  publisher={Springer}
}

@incollection{Pfirman1994,
  title={The northern Barents Sea: water mass distribution and modification},
  author={Pfirman, S and Bauch, Dorothea and Gammelsr{\o}d, T},
  year={1994},
  publisher={AGU, Ameircan Geophysical Union}
}

@article{Foote1990,
  title={Target strengths of Antarctic krill (E uphausiasuperba) at 38 and 120 kHz},
  author={Foote, Kenneth G and Everson, Inigo and Watkins, Jonathan L and Bone, Douglas G},
  journal={The Journal of the Acoustical Society of America},
  volume={87},
  number={1},
  pages={16--24},
  year={1990},
  publisher={Acoustical Society of America}
}

@article{BenoitBird2020,
  title={Exploring the promise of broadband fisheries echosounders for species discrimination with quantitative assessment of data processing effects},
  author={Benoit-Bird, Kelly J and Waluk, Chad M},
  journal={The Journal of the Acoustical Society of America},
  volume={147},
  number={1},
  pages={411--427},
  year={2020},
  publisher={Acoustical Society of America}
}

@article{Eriksen2015,
  title={The effect of recent warming on polar cod and beaked redfish juveniles in the Barents Sea},
  author={Eriksen, E and Ingvaldsen, RB and Nedreaas, K and Prozorkevich, D},
  journal={Regional studies in marine science},
  volume={2},
  pages={105--112},
  year={2015},
  publisher={Elsevier}
}

@article{Eriksen2019,
  title={Polar cod egg and larval drift patterns in the Svalbard archipelago},
  author={Eriksen, Elena and Huserbr{\aa}ten, Mats and Gj{\o}s{\ae}ter, Harald and Vikeb{\o}, Frode and Albretsen, Jon},
  journal={Polar Biology},
  pages={1--14},
  year={2019},
  publisher={Springer}
}

@article{Hop2013,
  title={Polar cod (Boreogadus saida) and capelin (Mallotus villosus) as key species in marine food webs of the Arctic and the Barents Sea},
  author={Hop, Haakon and Gj{\o}s{\ae}ter, Harald},
  journal={Marine Biology Research},
  volume={9},
  number={9},
  pages={878--894},
  year={2013},
  publisher={Taylor \& Francis}
}

@article{Welch1992,
  title={Energy flow through the marine ecosystem of the Lancaster Sound region, arctic Canada},
  author={Welch, Harold E and Bergmann, Martin A and Siferd, Timothy D and Martin, Kathleen A and Curtis, Martin F and Crawford, Richard E and Conover, Robert J and Hop, Haakon},
  journal={Arctic},
  pages={343--357},
  year={1992},
  publisher={JSTOR}
}

@article{Huserbraaten2019,
  title={Polar cod in jeopardy under the retreating Arctic sea ice},
  author={Huserbr{\aa}ten, Mats Brockstedt Olsen and Eriksen, Elena and Gj{\o}s{\ae}ter, Harald and Vikeb{\o}, Frode},
  journal={Communications biology},
  volume={2},
  number={1},
  pages={1--8},
  year={2019},
  publisher={Nature Publishing Group}
}

@article{Bouchard2011,
  title={Circum-arctic comparison of the hatching season of polar cod Boreogadus saida: a test of the freshwater winter refuge hypothesis},
  author={Bouchard, Caroline and Fortier, Louis},
  journal={Progress in Oceanography},
  volume={90},
  number={1-4},
  pages={105--116},
  year={2011},
  publisher={Elsevier}
}

@article{Cushing1994,
  title={The growth and death of fish larvae},
  author={Cushing, DH and Horwood, JW},
  journal={Journal of Plankton Research},
  volume={16},
  number={3},
  pages={291--300},
  year={1994},
  publisher={Citeseer}
}

@article{Bouchard2015,
  title={Spatial segregation, dispersion and migration in early stages of polar cod Boreogadus saida revealed by otolith chemistry},
  author={Bouchard, Caroline and Thorrold, Simon R and Fortier, Louis},
  journal={Marine Biology},
  volume={162},
  number={4},
  pages={855--868},
  year={2015},
  publisher={Springer}
}

@article{Berge2020,
  title={Artificial light during the polar night disrupts Arctic fish and zooplankton behaviour down to 200 m depth},
  author={Berge, J{\o}rgen and Geoffroy, Maxime and Daase, Malin and Cottier, Finlo and Priou, Pierre and Cohen, Jonathan H and Johnsen, Geir and McKee, David and Kostakis, Ina and Renaud, Paul E and others},
  journal={Communications Biology},
  volume={3},
  number={1},
  pages={1--8},
  year={2020},
  publisher={Nature Publishing Group}
}

@inproceedings{Cross2015,
  title={Innovative technology development for Arctic exploration},
  author={Cross, JN and Mordy, CW and Tabisola, HM and Meinig, C and Cokelet, ED and Stabeno, PJ},
  booktitle={OCEANS 2015-MTS/IEEE Washington},
  pages={1--8},
  year={2015},
  organization={IEEE}
}

@inproceedings{Hop2020, 
  publisher={Presented at ARCTOS Days 2020},
  place={Sommarøya},
  author={Hop, Haakon},
  year={2020},
  month={Mar}
}

@article{Bouchard2016,
author={Bouchard,Caroline and Mollard,Salomé and Suzuki,Keita and Robert,Dominique and Fortier,Louis},
year={2016},
month={06},
title={Contrasting the early life histories of sympatric Arctic gadids Boreogadus saida and Arctogadus glacialis in the Canadian Beaufort Sea},
journal={Polar Biology},
volume={39},
number={6},
pages={1005-1022},
keywords={Biology; Hatching season; Distribution; Diet overlap; Growth; Mortality; Resource partitioning; Cod; Diet; Growth factors; Life cycles; Beaufort Sea},
isbn={0722-4060},
language={English},
url={https://search-proquest-com.qe2a-proxy.mun.ca/docview/1798625618?accountid=12378},
}

@article{Chapman1992,
  title={Formation of Taylor caps over a tall isolated seamount in a stratified ocean},
  author={Chapman, David C and Haidvogel, Dale B},
  journal={Geophysical \& Astrophysical Fluid Dynamics},
  volume={64},
  number={1-4},
  pages={31--65},
  year={1992},
  publisher={Taylor \& Francis}
}

@article{Polyakov2017,
  title={Greater role for Atlantic inflows on sea-ice loss in the Eurasian Basin of the Arctic Ocean},
  author={Polyakov, Igor V and Pnyushkov, Andrey V and Alkire, Matthew B and Ashik, Igor M and Baumann, Till M and Carmack, Eddy C and Goszczko, Ilona and Guthrie, John and Ivanov, Vladimir V and Kanzow, Torsten and others},
  journal={Science},
  volume={356},
  number={6335},
  pages={285--291},
  year={2017},
  publisher={American Association for the Advancement of Science}
}

@article{Ardyna2011,
  title={Environmental forcing of phytoplankton community structure and function in the Canadian High Arctic: contrasting oligotrophic and eutrophic regions},
  author={Ardyna, Mathieu and Gosselin, Michel and Michel, Christine and Poulin, Michel and Tremblay, Jean-{\'E}ric},
  journal={Marine Ecology Progress Series},
  volume={442},
  pages={37--57},
  year={2011}
}

@article{Tremblay2012,
  title={Current state and trends in Canadian Arctic marine ecosystems: I. Primary production},
  author={Tremblay, Jean-{\'E}ric and Robert, Dominique and Varela, Diana E and Lovejoy, Connie and Darnis, G{\'e}rald and Nelson, R John and Sastri, Akash R},
  journal={Climatic Change},
  volume={115},
  number={1},
  pages={161--178},
  year={2012},
  publisher={Springer}
}

@article{Arrigo2008,
  title={Impact of a shrinking Arctic ice cover on marine primary production},
  author={Arrigo, Kevin R and van Dijken, Gert and Pabi, Sudeshna},
  journal={Geophysical Research Letters},
  volume={35},
  number={19},
  year={2008},
  publisher={Wiley Online Library}
}